<?xml version="1.0" encoding="UTF-8"?><collection xmlns="http://www.loc.gov/MARC21/slim"><record><leader>00434nam--2200169-i-4500</leader><controlfield tag="001">000020007</controlfield><controlfield tag="002">20161230</controlfield><controlfield tag="005">20161230201033</controlfield><controlfield tag="008">060222s1000------------r-----000-0-eng-d</controlfield><datafield ind1=" " ind2=" " tag="040"><subfield code="a">IFIN-HH</subfield></datafield><datafield ind1=" " ind2=" " tag="080"><subfield code="a">531.19</subfield></datafield><datafield ind1="1" ind2=" " tag="100"><subfield code="a">Dubin,D.A</subfield></datafield><datafield ind1="1" ind2="0" tag="245"><subfield code="a">Solvable models in algebraic statistical mechanics</subfield><subfield code="c">D.A. Dubin</subfield></datafield><datafield ind1=" " ind2=" " tag="260"><subfield code="a">Oxford, Clarendon Press, 1974</subfield></datafield><datafield ind1=" " ind2=" " tag="300"><subfield code="a">121 P</subfield></datafield><datafield ind1=" " ind2=" " tag="852"><subfield code="a">45970</subfield><subfield code="c">531</subfield></datafield><datafield ind1=" " ind2=" " tag="CAT"><subfield code="a">Sys</subfield><subfield code="c">20100630</subfield><subfield code="h">091319</subfield></datafield></record></collection>